<?xml version="1.0" encoding="UTF-8"?><collection xmlns="http://www.loc.gov/MARC21/slim"><record><leader>00587nam--2200217-u-4500</leader><controlfield tag="001">000050596</controlfield><controlfield tag="002">20161230</controlfield><controlfield tag="005">20161230201048</controlfield><controlfield tag="008">070926s1000------------r-----000-0-eng-d</controlfield><datafield ind1=" " ind2=" " tag="020"><subfield code="a">9810226233</subfield></datafield><datafield ind1=" " ind2=" " tag="040"><subfield code="a">IFIN-HH</subfield></datafield><datafield ind1=" " ind2=" " tag="080"><subfield code="a">512.54:530.145</subfield></datafield><datafield ind1="1" ind2=" " tag="100"><subfield code="a">Chaichian, M</subfield></datafield><datafield ind1="1" ind2="0" tag="245"><subfield code="a">Introduction to Quantum Groups</subfield><subfield code="c">M. Chaichian; A. Demichev</subfield></datafield><datafield ind1=" " ind2=" " tag="260"><subfield code="a">Singapore</subfield><subfield code="b">World Scientific</subfield><subfield code="c">1996</subfield></datafield><datafield ind1=" " ind2=" " tag="300"><subfield code="a">343 p</subfield></datafield><datafield ind1=" " ind2=" " tag="504"><subfield code="a">Includes Bibliographical References and Index</subfield></datafield><datafield ind1=" " ind2="4" tag="650"><subfield code="a">Quantum Groups</subfield></datafield><datafield ind1="1" ind2=" " tag="700"><subfield code="a">Demichev, A</subfield></datafield><datafield ind1=" " ind2=" " tag="852"><subfield code="c">530.1</subfield></datafield><datafield ind1=" " ind2=" " tag="CAT"><subfield code="a">Sys</subfield><subfield code="c">20110324</subfield><subfield code="h">111537</subfield></datafield></record></collection>